@book{nielsens1993,
    author    = "Jakob Nielsen",
    title     = "Usability Engineering",
    year      = "1993",
    publisher = "Academic Press",
    chapter = {What Is Usability?},
	pages = {26-37},
}

@book{krug2005,
author = {Steve Krug},
title = {Don't Make Me Think! A Common Sense Approach to Web Usability},
year = {2005},
publisher = {New Riders},
chapter = {Read me first},
pages = {5},
}

@book{rubinchinsel2008,
author = {Jeffrey Rubin and Dana Chisnell},
title = {How to Plan, Design, and Conduct Effective Tests},
year = {2008},
publisher = {Wiley, John \& Sons, Incorporated},
chapter = {What is Usability Testing?},
pages = {21},
}



@book{ISO9241-11, 
Author = {ISO{~}9241-11:1998}, 
publisher = {ISO, Geneva, Switzerland},
Title = {Ergonomics of human-system interaction}, 
}



@inbook{gilbert2013,
author = {Gilbert Cockton},
title = {Usability Evaluation},
booktitle = {The Encyclopedia of Human-Computer Interaction, 2nd Ed},
year = {2013},
bookauthor = {Mads Soegaard,Rikke Friis Dam},
url = {http://www.interaction-design.org/encyclopedia/usability_evaluation.html},
}

